<collection xmlns="http://www.loc.gov/MARC21/slim">
<record>
  <leader>02563nam0a2200385 i 450 </leader>
  <controlfield tag="001">IT\ICCU\CNCE\032221</controlfield>
  <controlfield tag="005">20141007000000.0</controlfield>
  <datafield tag="012" ind1=" " ind2=" ">
    <subfield code="a">ad09 32t* d.oc eqqu (3) 1585 (R)</subfield>
    <subfield code="2">fei</subfield>
  </datafield>
  <datafield tag="100" ind1=" " ind2=" ">
    <subfield code="a">19971210d1585        0itac0103    ba</subfield>
  </datafield>
  <datafield tag="101" ind1=" " ind2=" ">
    <subfield code="a">LAT</subfield>
  </datafield>
  <datafield tag="102" ind1=" " ind2=" ">
    <subfield code="a">IT</subfield>
  </datafield>
  <datafield tag="200" ind1="1" ind2=" ">
    <subfield code="a">℗Hippolyti de Marsiliis Bononiensis, iurisconsultorum sui temporis clarissimi ℗Consilia. In quibus omnia fer ̈continentur quae ad reorum defensiones, hominumque  ̉calumnijs innocentiam tuendam necessaria sunt. Hac nouissima editione ita emendata, erroribusque quamplurimis quibus corrupta erat expurgata, genuinaeque suae lectioni restituta, ut nil amplius in ipsis desiderandum supersit. Cum summarijs, et indice copioso, quam in alijs hactenus impressis</subfield>
  </datafield>
  <datafield tag="210" ind1=" " ind2=" ">
    <subfield code="a">Venetiis</subfield>
    <subfield code="c">\Societ ̉dell&apos;Aquila che si rinnova!</subfield>
    <subfield code="d">1585</subfield>
    <subfield code="e">Venetiis</subfield>
    <subfield code="h">1585</subfield>
  </datafield>
  <datafield tag="215" ind1=" " ind2=" ">
    <subfield code="a">\20!, 196 \i.e. 201!, \1! c.</subfield>
    <subfield code="d">fol</subfield>
  </datafield>
  <datafield tag="620" ind1=" " ind2=" ">
    <subfield code="a">IT</subfield>
    <subfield code="d">Venezia</subfield>
  </datafield>
  <datafield tag="700" ind1=" " ind2="1">
    <subfield code="a">Marsili,</subfield>
    <subfield code="b">Ippolito</subfield>
    <subfield code="3">IT\ICCU\CNCA\007222</subfield>
  </datafield>
  <datafield tag="712" ind1="0" ind2="2">
    <subfield code="a">Societ ̉dell&apos;Aquila che si rinnova</subfield>
    <subfield code="3">IT\ICCU\CNCT\000090</subfield>
    <subfield code="4">650</subfield>
  </datafield>
  <datafield tag="790" ind1=" " ind2="1">
    <subfield code="a">Marsiliis,</subfield>
    <subfield code="b">Hippolytus :  de</subfield>
    <subfield code="3">IT\ICCU\CNCA\009254</subfield>
    <subfield code="z">Marsili, Ippolito</subfield>
  </datafield>
  <datafield tag="790" ind1=" " ind2="0">
    <subfield code="a">Hippolytus</subfield>
    <subfield code="c"> : de#Marsilijs</subfield>
    <subfield code="3">IT\ICCU\CNCA\021052</subfield>
    <subfield code="z">Marsili, Ippolito</subfield>
  </datafield>
  <datafield tag="791" ind1="0" ind2="2">
    <subfield code="a">℗sub signo ℗Aquilae se renovantis</subfield>
    <subfield code="3">IT\ICCU\CNCT\002173</subfield>
    <subfield code="z">Societ ̉dell&apos;Aquila che si rinnova</subfield>
  </datafield>
  <datafield tag="791" ind1="0" ind2="2">
    <subfield code="a">Societas Aquilae renovantis</subfield>
    <subfield code="3">IT\ICCU\CNCT\005689</subfield>
    <subfield code="z">Societ ̉dell&apos;Aquila che si rinnova</subfield>
  </datafield>
  <datafield tag="791" ind1="0" ind2="2">
    <subfield code="a">Compagnia dell&apos;Aquila</subfield>
    <subfield code="3">IT\ICCU\CNCT\005690</subfield>
    <subfield code="z">Societ ̉dell&apos;Aquila che si rinnova</subfield>
  </datafield>
  <datafield tag="801" ind1=" " ind2="3">
    <subfield code="a">IT</subfield>
    <subfield code="b">ICCU</subfield>
    <subfield code="c">20201114</subfield>
  </datafield>
  <datafield tag="899" ind1=" " ind2=" ">
    <subfield code="a">Biblioteca del Seminario vescovile. Acqui Terme</subfield>
    <subfield code="1">AL0130</subfield>
    <subfield code="2">TO0 GZ</subfield>
  </datafield>
  <datafield tag="899" ind1=" " ind2=" ">
    <subfield code="a">Biblioteca comunale Planettiana. Jesi</subfield>
    <subfield code="1">AN0092</subfield>
    <subfield code="2">URB BC</subfield>
  </datafield>
  <datafield tag="899" ind1=" " ind2=" ">
    <subfield code="a">Biblioteca comunale. Sansepolcro</subfield>
    <subfield code="1">AR0060</subfield>
    <subfield code="2">RT1 QS</subfield>
  </datafield>
  <datafield tag="899" ind1=" " ind2=" ">
    <subfield code="a">Biblioteca Apostolica Vaticana. Citt ̉del Vaticano</subfield>
    <subfield code="1">EX0001</subfield>
    <subfield code="2">ZCV 01</subfield>
  </datafield>
  <datafield tag="899" ind1=" " ind2=" ">
    <subfield code="a">Biblioteca nazionale centrale. Firenze</subfield>
    <subfield code="1">FI0098</subfield>
    <subfield code="2">CFI CF</subfield>
  </datafield>
  <datafield tag="899" ind1=" " ind2=" ">
    <subfield code="a">Biblioteca del Seminario Vescovile della Facolt ̉Teologica del Triveneto dell&apos;Istituto Filosofico Aloisianum. Padova</subfield>
    <subfield code="1">PD0073</subfield>
    <subfield code="2">PUV 01</subfield>
  </datafield>
  <datafield tag="899" ind1=" " ind2=" ">
    <subfield code="a">Biblioteca Oliveriana. Pesaro</subfield>
    <subfield code="1">PU0061</subfield>
    <subfield code="2">URB OL</subfield>
  </datafield>
  <datafield tag="899" ind1=" " ind2=" ">
    <subfield code="a">Biblioteca universitaria. Pavia</subfield>
    <subfield code="1">PV0291</subfield>
    <subfield code="2">MIL UP</subfield>
  </datafield>
  <datafield tag="899" ind1=" " ind2=" ">
    <subfield code="a">Biblioteca dell&apos;Accademia Alfonsiana. Roma</subfield>
    <subfield code="1">RM0271</subfield>
    <subfield code="2">ZRM 03</subfield>
  </datafield>
  <datafield tag="899" ind1=" " ind2=" ">
    <subfield code="a">Biblioteca del Senato della Repubblica Giovanni Spadolini. Roma</subfield>
    <subfield code="1">RM0427</subfield>
    <subfield code="2">ZRM 12</subfield>
  </datafield>
  <datafield tag="911" ind1=" " ind2=" ">
    <subfield code="a">Sul front.</subfield>
    <subfield code="9">IT\ICCU\CNCM\000911</subfield>
  </datafield>
  <datafield tag="921" ind1=" " ind2=" ">
    <subfield code="a">IT\ICCU\CNCM\000911</subfield>
    <subfield code="b">Aquila che becca una roccia. In cornice figurata</subfield>
    <subfield code="e">Renovabitur vt aquila iuventus tua.</subfield>
    <subfield code="c">T54</subfield>
    <subfield code="c">V322</subfield>
    <subfield code="d">15 x 19,2 cm.</subfield>
    <subfield code="f">AQUILA</subfield>
    <subfield code="f">RENOVABITU</subfield>
    <subfield code="f">ROCCIA</subfield>
    <subfield code="g">1575-1592</subfield>
  </datafield>
</record>
</collection>
